@article{apriori,
author = {Agrawal, Rakesh and Srikant, Ramakrishnan},
title = {Fast Algorithms for Mining Association Rules},
year = {1994}
}