@article{apriori,
journaltitle = {Proceedings of the 20th International Conference on Very Large Databases},
author = {Agrawal, Rakesh and Srikant, Ramakrishnan},
title = {Fast Algorithms for Mining Association Rules},
year = {1994}
}

@book{tree,
  title={Lists, Decisions and Graphs},
  author={Williamson, E.A.B.S.G.},
  publisher={S. Gill Williamson},
  pages={171}
}


@article{prims_og,
journaltitle = {Práce Moravské Přírodovědecké Společnosti },
author = {Vojtěch Jarník},
title = {O jistém problému minimálním},
year = {1930},
pages={57-63}
}

@article{prims_og,
journaltitle = {Práce Moravské Přírodovědecké Společnosti },
author = {Vojtěch Jarník},
title = {O jistém problému minimálním},
year = {1930},
pages={57-63}
}

@article{prims,
author = {Robert C. Prim},
title = {Shortest Connection Networks and Some Generalizations},
journaltitle = {Bell System Technical Journal},
year = {1957},
volume = {6},
issue = {6},
pages={1389–1401},
doi={10.1002/j.1538-7305.1957.tb01515.x}
}

@article{kruskal,
author = {Joseph Bernard Kruskal Jr.},
title = {On the Shortest Spanning Subtree of a Graph and the Traveling Salesman Problem},
journaltitle = {Proceedings of the American Mathematical Society},
year = {1956},
volume = {7},
pages = {48-50},
doi = {10.1090/S0002-9939-1956-0078686-7}
}

