@article{apriori,
journaltitle = {Proceedings of the 20th International Conference on Very Large Databases},
author = {Agrawal, Rakesh and Srikant, Ramakrishnan},
title = {Fast Algorithms for Mining Association Rules},
year = {1994},
pages={487-489}
}

@article{pearson,
author = {Karl Pearson},
title = {Note on Regression and Inheritance in the Case of Two Parents},
journaltitle = {Proceedings of the Royal Society of London},
year = {1895},
volume = {58},
pages = {240-242},
issn = {03701662}
}


@article{lift,
author = {Brin, Sergey and Motwani, Rajeev and Ullman, Jeffrey D. and Tsur, Shalom},
title = {Dynamic Itemset Counting and Implication Rules for Market Basket Data},
journaltitle = {SIGMOD Rec.},
year = {1997},
volume = {26},
number = {2},
month = {June},
pages = {255–264},
issn = {0163-5808},
doi = {10.1145/253262.253325}
}


@article{markov_original,
author = {Markov, A.A.},
title = {Extension of the law of large numbers to quantities, depending on each other (1906). Reprint.},
journaltitle = {Journal Électronique d'Histoire des Probabilités et de la Statistique [electronic only]},
year = {2006},
language = {rus},
url = {http://eudml.org/doc/128778},
volume = {2},
number = {1b},
pages = {Article 10, 12}
}




@article{phi,
author = {Ernest C, Jr, Davenport and Nader A. El-Sanhurry},
title ={Phi/Phimax: Review and Synthesis},
journaltitle = {Educational and Psychological Measurement},
volume = {51},
number = {4},
pages = {821-828},
year = {1991},
doi = {10.1177/001316449105100403}
}




@online{dataset,
author = {marcio486},
title = {Sales data for a chain of Brazilian stores},
year = {2020},
url = {https://www.kaggle.com/marcio486/sales-data-for-a-chain-of-brazilian-stores},
version = {2}
}



@book{tree,
title={Lists, Decisions and Graphs},
author={Williamson, E.A.B.S.G.},
publisher={S. Gill Williamson},
pages={171}
}

@thesis{markov_clustering,
author = {Stijn Marinus van Dongen},
title = {Graph Clustering by Flow Simulation},
type = {Dissertation},
institution = {Universiteit Utrecht},
year = {1969},
language = {Dutch},
month = {September},
chapter = {1},
pages = {5},
url = {http://www.library.uu.nl/digiarchief/dip/diss/1895620/full.pdf}
}




@article{prims_og,
journaltitle = {Práce Moravské Přírodovědecké Společnosti },
author = {Vojtěch Jarník},
title = {O jistém problému minimálním},
year = {1930},
pages={57-63}
}

@article{prims,
author = {Robert C. Prim},
title = {Shortest Connection Networks and Some Generalizations},
journaltitle = {Bell System Technical Journal},
year = {1957},
volume = {6},
issue = {6},
pages={1389–1401},
doi={10.1002/j.1538-7305.1957.tb01515.x}
}

@article{prims3,
author = {Dijkstra, E. W.},
title = {A note on two problems in connexion with graphs},
journaltitle = {Numerische Mathematik},
year = {1959},
volume = {1},
issn = {1},
doi = {10.1007/BF01386390}
}


@article{kruskal,
author = {Kruskal, Jr, Joseph Bernard},
title = {On the Shortest Spanning Subtree of a Graph and the Traveling Salesman Problem},
journaltitle = {Proceedings of the American Mathematical Society},
year = {1956},
volume = {7},
pages = {48-50},
doi = {10.1090/S0002-9939-1956-0078686-7}
}

@periodical{beers_diapers,
editor = {Daniel J. Power},
title = {Ask Dan!},
year = {2002},
subtitle = {What is the "true story" about data mining, beer and diapers?},
volume = {3},
month = {November},
issn = {23},
url={http://www.dssresources.com/newsletters/66.php}
}

@article{mst_paper,
author = {Mauricio A. Valle and Gonzalo A. Ruz and Rodrigo Morr\'{s}s},
title = {Market basket analysis: Complementing Association Rules with Minimum Spanning Trees},
journaltitle = {Expert Systems with Applications},
year = {2018},
volume = {97},
month = {May},
pages = {146-162},
doi = {10.1016/j.eswa.2017.12.028}
}

@inproceedings{fp_growth,
author = {Han, Jiawei and Pei, Jian and Yin, Yiwen},
title = {Mining Frequent Patterns without Candidate Generation},
year = {2000},
issue_date = {June 2000},
publisher = {Association for Computing Machinery},
address = {New York, NY, USA},
volume = {29},
number = {2},
issn = {0163-5808},
url = {https://doi.org/10.1145/335191.335372},
doi = {10.1145/335191.335372},
journaltitle = {SIGMOD Rec.},
month = {May},
pages = {1–12},
numpages = {12}
}

@article{ann_mst,
author = {Guido Ferilli and Pier Luigi Sacco and Emanuele Teti and Massimo Buscema},
title = {Top corporate brands and the global structure of country brand positioning: An AutoCM ANN approach},
journaltitle = {Expert Systems with Applications},
year = {2016},
volume = {66},
month = {December},
pages = {62-75},
doi = {10.1016/j.eswa.2016.08.054}
}

@article{knn_mst,
author = {Xiaochun Wang and Xia Li Wang and Yongqiang Ma and D.  Mitchell Wilkes},
title = {A fast MST-inspired kNN-based outlier detection method},
journaltitle = {Information Systems},
year = {2015},
volume = {48},
month = {March},
pages = {89-112},
doi = {10.1016/j.is.2014.09.002}
}

@article{lot_of_rules,
author = {Sotiris Kotsiantis and Dimitris Kanellopoulos},
title = {Association Rules Mining: A Recent Overview},
journaltitle = {GESTS International Transactions on Computer Science and Engineering},
year = {2006},
volume = {32},
pages = {71-82}
}

@article{product_network,
author = {Troy Raeder and Nitesh V. Chawla},
title = {Modeling a Store's Product Space as a Social Network},
journaltitle = {International Conference on Advances in Social Network Analysis and Mining},
year = {2009},
doi = {10.1109/ASONAM.2009.53},
pages = {164-169}
}

@online{num_rules,
author = {Junita College Pennsylvania},
title = {Generating Association Rules},
year = {2020},
url = {http://faculty.juniata.edu/rhodes/ml/assocRules.html},
organization={Junita College Pennsylvania}
}


@inbook{anti_monotone,
author = {Pang-Ning Tan and Michael Steinbach and Anuj Karpatne and Vipin Kumar},
title = {Definition 6.2},
booktitle = {Introduction to Data Mining},
year = {2019},
part = {Definition 6.2},
edition = {2},
isbn = {9780134080284},
chapter = {6},
pages = {334}
}

@book{measure,
author = {Cover, Thomas M and Thomas, Joy A},
title = {Elements of information theory},
year = {2006}
}

@article{kim,
author = {Jun Woo Kim},
title = {Construction and evaluation of structured association map for visual exploration of association rules},
journaltitle = {Expert Systems with Applications},
year = {2017},
volume = {74},
doi = {10.1016/j.eswa.2017.01.007}
}

@article{segment,
author = {Anastasia Griva and Cleopatra Bardaki and Katerina Pramatari and Dimitris Papakiriakopoulos},
title = {Retail business analytics: Customer visit segmentation using market basket data},
journaltitle = {Expert Systems with Applications},
year = {2018},
volume = {100},
pages = {1-16},
issn = {0957-4174},
doi = {https://doi.org/10.1016/j.eswa.2018.01.029}
}

@article{kim2012,
  title={A product network analysis for extending the market basket analysis},
  author={H. K. Kim and J. Kim and Qiu Yi Chen},
  journaltitle={Expert Systems with Applications},
  year={2012},
  volume={39},
  pages={7403-7410},
  doi={10.1016/j.eswa.2012.01.066},
  issue={8}
}


@inproceedings{mine,
author = {Agrawal, Rakesh and Imieli\'{n}ski, Tomasz and Swami, Arun},
title = {Mining Association Rules between Sets of Items in Large Databases}, 
year = {1993}, isbn = {0897915925}, 
publisher = {Association for Computing Machinery}, 
url = {https://doi.org/10.1145/170035.170072}, 
doi = {10.1145/170035.170072}, 
booktitle = {Proceedings of the 1993 ACM SIGMOD International Conference on Management of Data},
pages = {207–216}
}



@online{data_source,
author = {Kaggle},
title = {Sales data for a chain of Brazilian stores},
year = {2020},
url = {https://www.kaggle.com/marcio486/sales-data-for-a-chain-of-brazilian-stores},
organization = {Kaggle}
}

@article{market_ass,
author = {Zekic-Susac, Marijana and Has, Adela},
year = {2015},
month = {10},
pages = {475-487},
title = {Discovering market basket patterns using hierarchical association rules},
volume = {6},
journaltitle = {Croatian Operational Research Review},
doi = {10.17535/crorr.2015.0036}
}

@article{kmeans_mst,
author = {Caiming Zhong and Mikko Malinen and Duoqian Miao and Pasi Fränti},
title = {A fast minimum spanning tree algorithm based on K-means},
journaltitle = {Information Sciences},
volume = {295},
pages = {1 - 17},
year = {2015},
issn = {0020-0255},
doi = {https://doi.org/10.1016/j.ins.2014.10.012},
url = {http://www.sciencedirect.com/science/article/pii/S0020025514009943}
}

@article{kmeans,
author={S.  Lloyd},
  journaltitle={IEEE Transactions on Information Theory}, 
  title={Least squares quantization in PCM}, 
  year={1982},
  volume={28},
  number={2},
  pages={129-137},
  doi={10.1109/TIT.1982.1056489}
}

@online{waterfall,
title = {The Ultimate Guide to the Waterfall Model},
author = {Project Manager},
year = {2016},
url = {https://www.projectmanager.com/waterfall-methodology}
}

@online{prim-pic,
author = {Omar Khaled Abdelaziz Abdelnabi},
title = {Minimum Spanning Tree},
year = {2018},
url = {https://www.hackerearth.com/practice/algorithms/graphs/minimum-spanning-tree/tutorial/}
}

@online{apriori-prune,
author = {Chih-Ling Hsu},
title = {Frequent Itemset Generation using Apriori Algorithm},
year = {2017},
url = {https://chih-ling-hsu.github.io/2017/03/25/apriori}
}

@online{py,
author = {Python},
title = {Python 3},
year = {2008},
url = {https://www.python.org/download/releases/3.0/}
}









